<?xml version="1.0" encoding="UTF-8"?><record xmlns="http://www.loc.gov/MARC21/slim" xmlns:cinclude="http://apache.org/cocoon/include/1.0" xmlns:zs="http://www.loc.gov/zing/srw/">
  <leader>00415cz  a2200133n  4500</leader>
  <controlfield tag="001">n  83021414 </controlfield>
  <controlfield tag="003">DLC</controlfield>
  <controlfield tag="005">19961214053824.7</controlfield>
  <controlfield tag="008">830106n| acannaab|          |n aaa |||  </controlfield>
  <datafield tag="010" ind1=" " ind2=" ">
    <subfield code="a">n  83021414 </subfield>
  </datafield>
  <datafield tag="035" ind1=" " ind2=" ">
    <subfield code="a">(OCoLC)oca00914185 </subfield>
  </datafield>
  <datafield tag="040" ind1=" " ind2=" ">
    <subfield code="a">DLC</subfield>
    <subfield code="c">DLC</subfield>
    <subfield code="d">TxU</subfield>
  </datafield>
  <datafield tag="100" ind1="1" ind2="0">
    <subfield code="a">Nikitin, B.</subfield>
  </datafield>
  <datafield tag="670" ind1=" " ind2=" ">
    <subfield code="a">Fouillée, A.J.E. Psikhologii︠a︡ frant︠s︡uzskago naroda, 1899 (a.e.)</subfield>
    <subfield code="b">t.p. (Perevod s frant︠s︡uzskago B. Nikitin)</subfield>
  </datafield>
</record>